@online{cci,
    author = {Bernardo Freitas Paulo da Costa},
    title = {Computação Científica I (website da disciplina)},
    year = 2020,
    url = {http://www.im.ufrj.br/bernardofpc/cursos/CientificaI.php},
    urldate = {2022-01-25}
}

@online{float,
    author = {Michael Borgwardt (dono do repositório)},
    title = {The Floating Point Guide},
    year = 2021,
    url = {https://floating-point-gui.de/errors/comparison/},
    urldate = {2022-01-26}
}